%YAML 1.1
%TAG !u! tag:unity3d.com,2011:
--- !u!1 &972979190030913410
GameObject:
  m_ObjectHideFlags: 0
  m_CorrespondingSourceObject: {fileID: 0}
  m_PrefabInstance: {fileID: 0}
  m_PrefabAsset: {fileID: 0}
  serializedVersion: 6
  m_Component:
  - component: {fileID: 5876609948721418807}
  - component: {fileID: 6170737506018973688}
  - component: {fileID: 7354119134971044415}
  - component: {fileID: 8129889032118398453}
  - component: {fileID: 2302771049528452877}
  m_Layer: 5
  m_Name: SpeechBubble
  m_TagString: Untagged
  m_Icon: {fileID: 0}
  m_NavMeshLayer: 0
  m_StaticEditorFlags: 0
  m_IsActive: 1
--- !u!224 &5876609948721418807
RectTransform:
  m_ObjectHideFlags: 0
  m_CorrespondingSourceObject: {fileID: 0}
  m_PrefabInstance: {fileID: 0}
  m_PrefabAsset: {fileID: 0}
  m_GameObject: {fileID: 972979190030913410}
  m_LocalRotation: {x: -0, y: -0, z: -0, w: 1}
  m_LocalPosition: {x: 0, y: 0, z: 0}
  m_LocalScale: {x: 0.01, y: 0.01, z: 1}
  m_ConstrainProportionsScale: 0
  m_Children:
  - {fileID: 4304304183423470110}
  m_Father: {fileID: 2779157690284283676}
  m_RootOrder: 1
  m_LocalEulerAnglesHint: {x: 0, y: 0, z: 0}
  m_AnchorMin: {x: 0, y: 0}
  m_AnchorMax: {x: 0, y: 0}
  m_AnchoredPosition: {x: 0, y: 3.6}
  m_SizeDelta: {x: 1920, y: 1280}
  m_Pivot: {x: 0.5, y: 0.5}
--- !u!223 &6170737506018973688
Canvas:
  m_ObjectHideFlags: 0
  m_CorrespondingSourceObject: {fileID: 0}
  m_PrefabInstance: {fileID: 0}
  m_PrefabAsset: {fileID: 0}
  m_GameObject: {fileID: 972979190030913410}
  m_Enabled: 1
  serializedVersion: 3
  m_RenderMode: 2
  m_Camera: {fileID: 0}
  m_PlaneDistance: 100
  m_PixelPerfect: 0
  m_ReceivesEvents: 1
  m_OverrideSorting: 0
  m_OverridePixelPerfect: 0
  m_SortingBucketNormalizedSize: 0
  m_AdditionalShaderChannelsFlag: 0
  m_SortingLayerID: 0
  m_SortingOrder: 0
  m_TargetDisplay: 0
--- !u!114 &7354119134971044415
MonoBehaviour:
  m_ObjectHideFlags: 0
  m_CorrespondingSourceObject: {fileID: 0}
  m_PrefabInstance: {fileID: 0}
  m_PrefabAsset: {fileID: 0}
  m_GameObject: {fileID: 972979190030913410}
  m_Enabled: 1
  m_EditorHideFlags: 0
  m_Script: {fileID: 11500000, guid: 0cd44c1031e13a943bb63640046fad76, type: 3}
  m_Name: 
  m_EditorClassIdentifier: 
  m_UiScaleMode: 0
  m_ReferencePixelsPerUnit: 100
  m_ScaleFactor: 1
  m_ReferenceResolution: {x: 800, y: 600}
  m_ScreenMatchMode: 0
  m_MatchWidthOrHeight: 0
  m_PhysicalUnit: 3
  m_FallbackScreenDPI: 96
  m_DefaultSpriteDPI: 96
  m_DynamicPixelsPerUnit: 1
  m_PresetInfoIsWorld: 1
--- !u!114 &8129889032118398453
MonoBehaviour:
  m_ObjectHideFlags: 0
  m_CorrespondingSourceObject: {fileID: 0}
  m_PrefabInstance: {fileID: 0}
  m_PrefabAsset: {fileID: 0}
  m_GameObject: {fileID: 972979190030913410}
  m_Enabled: 1
  m_EditorHideFlags: 0
  m_Script: {fileID: 11500000, guid: dc42784cf147c0c48a680349fa168899, type: 3}
  m_Name: 
  m_EditorClassIdentifier: 
  m_IgnoreReversedGraphics: 1
  m_BlockingObjects: 0
  m_BlockingMask:
    serializedVersion: 2
    m_Bits: 4294967295
--- !u!114 &2302771049528452877
MonoBehaviour:
  m_ObjectHideFlags: 0
  m_CorrespondingSourceObject: {fileID: 0}
  m_PrefabInstance: {fileID: 0}
  m_PrefabAsset: {fileID: 0}
  m_GameObject: {fileID: 972979190030913410}
  m_Enabled: 1
  m_EditorHideFlags: 0
  m_Script: {fileID: 11500000, guid: a4fa97fa8b24ef546b8fdbf427fa701b, type: 3}
  m_Name: 
  m_EditorClassIdentifier: 
--- !u!1 &2779157690284283675
GameObject:
  m_ObjectHideFlags: 0
  m_CorrespondingSourceObject: {fileID: 0}
  m_PrefabInstance: {fileID: 0}
  m_PrefabAsset: {fileID: 0}
  serializedVersion: 6
  m_Component:
  - component: {fileID: 2779157690284283676}
  - component: {fileID: 2779157690284283677}
  - component: {fileID: 2779157690284283678}
  - component: {fileID: -3832569100864891447}
  m_Layer: 3
  m_Name: QBert
  m_TagString: Untagged
  m_Icon: {fileID: 0}
  m_NavMeshLayer: 0
  m_StaticEditorFlags: 0
  m_IsActive: 1
--- !u!4 &2779157690284283676
Transform:
  m_ObjectHideFlags: 0
  m_CorrespondingSourceObject: {fileID: 0}
  m_PrefabInstance: {fileID: 0}
  m_PrefabAsset: {fileID: 0}
  m_GameObject: {fileID: 2779157690284283675}
  m_LocalRotation: {x: 0, y: 0, z: 0, w: 1}
  m_LocalPosition: {x: 0, y: 21, z: 18}
  m_LocalScale: {x: 1, y: 1, z: 1}
  m_ConstrainProportionsScale: 0
  m_Children:
  - {fileID: 2385557932853951400}
  - {fileID: 5876609948721418807}
  m_Father: {fileID: 0}
  m_RootOrder: 0
  m_LocalEulerAnglesHint: {x: 0, y: 0, z: 0}
--- !u!65 &2779157690284283677
BoxCollider:
  m_ObjectHideFlags: 0
  m_CorrespondingSourceObject: {fileID: 0}
  m_PrefabInstance: {fileID: 0}
  m_PrefabAsset: {fileID: 0}
  m_GameObject: {fileID: 2779157690284283675}
  m_Material: {fileID: 0}
  m_IsTrigger: 0
  m_Enabled: 1
  serializedVersion: 2
  m_Size: {x: 1, y: 0.4896164, z: 1}
  m_Center: {x: 0, y: 0.2551918, z: 0}
--- !u!54 &2779157690284283678
Rigidbody:
  m_ObjectHideFlags: 0
  m_CorrespondingSourceObject: {fileID: 0}
  m_PrefabInstance: {fileID: 0}
  m_PrefabAsset: {fileID: 0}
  m_GameObject: {fileID: 2779157690284283675}
  serializedVersion: 2
  m_Mass: 1
  m_Drag: 0
  m_AngularDrag: 0.05
  m_UseGravity: 1
  m_IsKinematic: 0
  m_Interpolate: 0
  m_Constraints: 112
  m_CollisionDetection: 0
--- !u!114 &-3832569100864891447
MonoBehaviour:
  m_ObjectHideFlags: 0
  m_CorrespondingSourceObject: {fileID: 0}
  m_PrefabInstance: {fileID: 0}
  m_PrefabAsset: {fileID: 0}
  m_GameObject: {fileID: 2779157690284283675}
  m_Enabled: 1
  m_EditorHideFlags: 0
  m_Script: {fileID: 11500000, guid: 59d9af037b3edca43a875b37ebf3d553, type: 3}
  m_Name: 
  m_EditorClassIdentifier: 
  _animator: {fileID: 6635021745403678989}
  _jumpSound: {fileID: 8300000, guid: 72175e79f9926824cb4b089e6e4d6bee, type: 3}
  _landSound: {fileID: 8300000, guid: 8c46f3beeb7e98a4c8e7a3b8dbd312ed, type: 3}
  _fallSound: {fileID: 8300000, guid: bac9f2c37a8d9664b9d0d42730c09df8, type: 3}
  _deathSound: {fileID: 8300000, guid: ff3a200a692a06d4290b88aed6ef14b9, type: 3}
  _speechBubble: {fileID: 972979190030913410}
--- !u!1 &3526397960065208249
GameObject:
  m_ObjectHideFlags: 0
  m_CorrespondingSourceObject: {fileID: 0}
  m_PrefabInstance: {fileID: 0}
  m_PrefabAsset: {fileID: 0}
  serializedVersion: 6
  m_Component:
  - component: {fileID: 4304304183423470110}
  - component: {fileID: 3508286799536670058}
  - component: {fileID: 5540123103942141156}
  m_Layer: 5
  m_Name: Image
  m_TagString: Untagged
  m_Icon: {fileID: 0}
  m_NavMeshLayer: 0
  m_StaticEditorFlags: 0
  m_IsActive: 1
--- !u!224 &4304304183423470110
RectTransform:
  m_ObjectHideFlags: 0
  m_CorrespondingSourceObject: {fileID: 0}
  m_PrefabInstance: {fileID: 0}
  m_PrefabAsset: {fileID: 0}
  m_GameObject: {fileID: 3526397960065208249}
  m_LocalRotation: {x: 0, y: 1, z: 0, w: 0}
  m_LocalPosition: {x: 0, y: 0, z: 0}
  m_LocalScale: {x: 1, y: 1, z: 1}
  m_ConstrainProportionsScale: 0
  m_Children: []
  m_Father: {fileID: 5876609948721418807}
  m_RootOrder: 0
  m_LocalEulerAnglesHint: {x: 0, y: 180, z: 0}
  m_AnchorMin: {x: 0.5, y: 0.5}
  m_AnchorMax: {x: 0.5, y: 0.5}
  m_AnchoredPosition: {x: 0, y: 0}
  m_SizeDelta: {x: 512, y: 512}
  m_Pivot: {x: 0.5, y: 0.5}
--- !u!222 &3508286799536670058
CanvasRenderer:
  m_ObjectHideFlags: 0
  m_CorrespondingSourceObject: {fileID: 0}
  m_PrefabInstance: {fileID: 0}
  m_PrefabAsset: {fileID: 0}
  m_GameObject: {fileID: 3526397960065208249}
  m_CullTransparentMesh: 1
--- !u!114 &5540123103942141156
MonoBehaviour:
  m_ObjectHideFlags: 0
  m_CorrespondingSourceObject: {fileID: 0}
  m_PrefabInstance: {fileID: 0}
  m_PrefabAsset: {fileID: 0}
  m_GameObject: {fileID: 3526397960065208249}
  m_Enabled: 1
  m_EditorHideFlags: 0
  m_Script: {fileID: 11500000, guid: fe87c0e1cc204ed48ad3b37840f39efc, type: 3}
  m_Name: 
  m_EditorClassIdentifier: 
  m_Material: {fileID: 0}
  m_Color: {r: 1, g: 1, b: 1, a: 1}
  m_RaycastTarget: 1
  m_RaycastPadding: {x: 0, y: 0, z: 0, w: 0}
  m_Maskable: 1
  m_OnCullStateChanged:
    m_PersistentCalls:
      m_Calls: []
  m_Sprite: {fileID: 21300000, guid: ea71b7188de3f774caf7dac659bb46c7, type: 3}
  m_Type: 0
  m_PreserveAspect: 0
  m_FillCenter: 1
  m_FillMethod: 4
  m_FillAmount: 1
  m_FillClockwise: 1
  m_FillOrigin: 0
  m_UseSpriteMesh: 0
  m_PixelsPerUnitMultiplier: 1
--- !u!1001 &2779157688878275651
PrefabInstance:
  m_ObjectHideFlags: 0
  serializedVersion: 2
  m_Modification:
    m_TransformParent: {fileID: 2779157690284283676}
    m_Modifications:
    - target: {fileID: -8679921383154817045, guid: 09f074334c55e254e8486aa653e6642c,
        type: 3}
      propertyPath: m_RootOrder
      value: 0
      objectReference: {fileID: 0}
    - target: {fileID: -8679921383154817045, guid: 09f074334c55e254e8486aa653e6642c,
        type: 3}
      propertyPath: m_LocalPosition.x
      value: 0
      objectReference: {fileID: 0}
    - target: {fileID: -8679921383154817045, guid: 09f074334c55e254e8486aa653e6642c,
        type: 3}
      propertyPath: m_LocalPosition.y
      value: 0
      objectReference: {fileID: 0}
    - target: {fileID: -8679921383154817045, guid: 09f074334c55e254e8486aa653e6642c,
        type: 3}
      propertyPath: m_LocalPosition.z
      value: 0
      objectReference: {fileID: 0}
    - target: {fileID: -8679921383154817045, guid: 09f074334c55e254e8486aa653e6642c,
        type: 3}
      propertyPath: m_LocalRotation.w
      value: 1
      objectReference: {fileID: 0}
    - target: {fileID: -8679921383154817045, guid: 09f074334c55e254e8486aa653e6642c,
        type: 3}
      propertyPath: m_LocalRotation.x
      value: 0
      objectReference: {fileID: 0}
    - target: {fileID: -8679921383154817045, guid: 09f074334c55e254e8486aa653e6642c,
        type: 3}
      propertyPath: m_LocalRotation.y
      value: 0
      objectReference: {fileID: 0}
    - target: {fileID: -8679921383154817045, guid: 09f074334c55e254e8486aa653e6642c,
        type: 3}
      propertyPath: m_LocalRotation.z
      value: 0
      objectReference: {fileID: 0}
    - target: {fileID: -8679921383154817045, guid: 09f074334c55e254e8486aa653e6642c,
        type: 3}
      propertyPath: m_LocalEulerAnglesHint.x
      value: 0
      objectReference: {fileID: 0}
    - target: {fileID: -8679921383154817045, guid: 09f074334c55e254e8486aa653e6642c,
        type: 3}
      propertyPath: m_LocalEulerAnglesHint.y
      value: 0
      objectReference: {fileID: 0}
    - target: {fileID: -8679921383154817045, guid: 09f074334c55e254e8486aa653e6642c,
        type: 3}
      propertyPath: m_LocalEulerAnglesHint.z
      value: 0
      objectReference: {fileID: 0}
    - target: {fileID: -8490024790285516486, guid: 09f074334c55e254e8486aa653e6642c,
        type: 3}
      propertyPath: m_Materials.Array.data[0]
      value: 
      objectReference: {fileID: 2100000, guid: d9336d816ce63164790388797e885e95, type: 2}
    - target: {fileID: -7810634022189482717, guid: 09f074334c55e254e8486aa653e6642c,
        type: 3}
      propertyPath: m_Layer
      value: 3
      objectReference: {fileID: 0}
    - target: {fileID: -5901347439615003070, guid: 09f074334c55e254e8486aa653e6642c,
        type: 3}
      propertyPath: m_Layer
      value: 3
      objectReference: {fileID: 0}
    - target: {fileID: -4848765024136999451, guid: 09f074334c55e254e8486aa653e6642c,
        type: 3}
      propertyPath: m_Layer
      value: 3
      objectReference: {fileID: 0}
    - target: {fileID: -3576598941466245076, guid: 09f074334c55e254e8486aa653e6642c,
        type: 3}
      propertyPath: m_Layer
      value: 3
      objectReference: {fileID: 0}
    - target: {fileID: -3348839673366044307, guid: 09f074334c55e254e8486aa653e6642c,
        type: 3}
      propertyPath: m_Layer
      value: 3
      objectReference: {fileID: 0}
    - target: {fileID: -3071384134618422712, guid: 09f074334c55e254e8486aa653e6642c,
        type: 3}
      propertyPath: m_Layer
      value: 3
      objectReference: {fileID: 0}
    - target: {fileID: -2740343358212403417, guid: 09f074334c55e254e8486aa653e6642c,
        type: 3}
      propertyPath: m_Layer
      value: 3
      objectReference: {fileID: 0}
    - target: {fileID: -1336554099295012282, guid: 09f074334c55e254e8486aa653e6642c,
        type: 3}
      propertyPath: m_Layer
      value: 3
      objectReference: {fileID: 0}
    - target: {fileID: -1174815651992638757, guid: 09f074334c55e254e8486aa653e6642c,
        type: 3}
      propertyPath: m_Layer
      value: 3
      objectReference: {fileID: 0}
    - target: {fileID: 919132149155446097, guid: 09f074334c55e254e8486aa653e6642c,
        type: 3}
      propertyPath: m_Name
      value: QBert
      objectReference: {fileID: 0}
    - target: {fileID: 919132149155446097, guid: 09f074334c55e254e8486aa653e6642c,
        type: 3}
      propertyPath: m_Layer
      value: 3
      objectReference: {fileID: 0}
    - target: {fileID: 1170293213474972300, guid: 09f074334c55e254e8486aa653e6642c,
        type: 3}
      propertyPath: m_Layer
      value: 3
      objectReference: {fileID: 0}
    - target: {fileID: 2628036445888937223, guid: 09f074334c55e254e8486aa653e6642c,
        type: 3}
      propertyPath: m_Layer
      value: 3
      objectReference: {fileID: 0}
    - target: {fileID: 3901066865497383086, guid: 09f074334c55e254e8486aa653e6642c,
        type: 3}
      propertyPath: m_Layer
      value: 3
      objectReference: {fileID: 0}
    - target: {fileID: 5399434576875086241, guid: 09f074334c55e254e8486aa653e6642c,
        type: 3}
      propertyPath: m_Layer
      value: 3
      objectReference: {fileID: 0}
    - target: {fileID: 5787918083062509927, guid: 09f074334c55e254e8486aa653e6642c,
        type: 3}
      propertyPath: m_Layer
      value: 3
      objectReference: {fileID: 0}
    - target: {fileID: 5838292161595133097, guid: 09f074334c55e254e8486aa653e6642c,
        type: 3}
      propertyPath: m_Layer
      value: 3
      objectReference: {fileID: 0}
    - target: {fileID: 6959751451785436015, guid: 09f074334c55e254e8486aa653e6642c,
        type: 3}
      propertyPath: m_Layer
      value: 3
      objectReference: {fileID: 0}
    - target: {fileID: 6973219904430123845, guid: 09f074334c55e254e8486aa653e6642c,
        type: 3}
      propertyPath: m_Layer
      value: 3
      objectReference: {fileID: 0}
    - target: {fileID: 6975798357063349572, guid: 09f074334c55e254e8486aa653e6642c,
        type: 3}
      propertyPath: m_Layer
      value: 3
      objectReference: {fileID: 0}
    - target: {fileID: 7036213049465896255, guid: 09f074334c55e254e8486aa653e6642c,
        type: 3}
      propertyPath: m_Layer
      value: 3
      objectReference: {fileID: 0}
    - target: {fileID: 8833866195459763817, guid: 09f074334c55e254e8486aa653e6642c,
        type: 3}
      propertyPath: m_Materials.Array.data[0]
      value: 
      objectReference: {fileID: 2100000, guid: d9336d816ce63164790388797e885e95, type: 2}
    - target: {fileID: 9113407613909972306, guid: 09f074334c55e254e8486aa653e6642c,
        type: 3}
      propertyPath: m_Materials.Array.data[0]
      value: 
      objectReference: {fileID: 2100000, guid: d9336d816ce63164790388797e885e95, type: 2}
    - target: {fileID: 9221951374779766803, guid: 09f074334c55e254e8486aa653e6642c,
        type: 3}
      propertyPath: m_Layer
      value: 3
      objectReference: {fileID: 0}
    m_RemovedComponents: []
  m_SourcePrefab: {fileID: 100100000, guid: 09f074334c55e254e8486aa653e6642c, type: 3}
--- !u!4 &2385557932853951400 stripped
Transform:
  m_CorrespondingSourceObject: {fileID: -8679921383154817045, guid: 09f074334c55e254e8486aa653e6642c,
    type: 3}
  m_PrefabInstance: {fileID: 2779157688878275651}
  m_PrefabAsset: {fileID: 0}
--- !u!1 &3049188600071561490 stripped
GameObject:
  m_CorrespondingSourceObject: {fileID: 919132149155446097, guid: 09f074334c55e254e8486aa653e6642c,
    type: 3}
  m_PrefabInstance: {fileID: 2779157688878275651}
  m_PrefabAsset: {fileID: 0}
--- !u!95 &6635021745403678989
Animator:
  serializedVersion: 4
  m_ObjectHideFlags: 0
  m_CorrespondingSourceObject: {fileID: 0}
  m_PrefabInstance: {fileID: 0}
  m_PrefabAsset: {fileID: 0}
  m_GameObject: {fileID: 3049188600071561490}
  m_Enabled: 0
  m_Avatar: {fileID: 0}
  m_Controller: {fileID: 9100000, guid: a0553b79284495042a46b50eef281c76, type: 2}
  m_CullingMode: 0
  m_UpdateMode: 0
  m_ApplyRootMotion: 0
  m_LinearVelocityBlending: 0
  m_StabilizeFeet: 0
  m_WarningMessage: 
  m_HasTransformHierarchy: 1
  m_AllowConstantClipSamplingOptimization: 1
  m_KeepAnimatorControllerStateOnDisable: 0
