%YAML 1.1
%TAG !u! tag:unity3d.com,2011:
--- !u!1 &550335576654780135
GameObject:
  m_ObjectHideFlags: 0
  m_CorrespondingSourceObject: {fileID: 0}
  m_PrefabInstance: {fileID: 0}
  m_PrefabAsset: {fileID: 0}
  serializedVersion: 6
  m_Component:
  - component: {fileID: 5924649360576779888}
  - component: {fileID: 8261928979426005771}
  - component: {fileID: 7049512386152729279}
  - component: {fileID: 2127281615205094176}
  m_Layer: 0
  m_Name: GameManager
  m_TagString: Untagged
  m_Icon: {fileID: 0}
  m_NavMeshLayer: 0
  m_StaticEditorFlags: 0
  m_IsActive: 1
--- !u!4 &5924649360576779888
Transform:
  m_ObjectHideFlags: 0
  m_CorrespondingSourceObject: {fileID: 0}
  m_PrefabInstance: {fileID: 0}
  m_PrefabAsset: {fileID: 0}
  m_GameObject: {fileID: 550335576654780135}
  m_LocalRotation: {x: 0, y: 0, z: 0, w: 1}
  m_LocalPosition: {x: 0, y: 0, z: 0}
  m_LocalScale: {x: 1, y: 1, z: 1}
  m_ConstrainProportionsScale: 0
  m_Children: []
  m_Father: {fileID: 6499346562034997035}
  m_RootOrder: 0
  m_LocalEulerAnglesHint: {x: 0, y: 0, z: 0}
--- !u!114 &8261928979426005771
MonoBehaviour:
  m_ObjectHideFlags: 0
  m_CorrespondingSourceObject: {fileID: 0}
  m_PrefabInstance: {fileID: 0}
  m_PrefabAsset: {fileID: 0}
  m_GameObject: {fileID: 550335576654780135}
  m_Enabled: 1
  m_EditorHideFlags: 0
  m_Script: {fileID: 11500000, guid: 73ee5658c031361439c043609bd72c8a, type: 3}
  m_Name: 
  m_EditorClassIdentifier: 
  _qBertPrefab: {fileID: 2779157690284283675, guid: 854dbec1dbb0d3a43ac15f88620b3dd6,
    type: 3}
  _qBertStartPosition: {x: 0, y: 21, z: 18}
  _qBertStartRotation: {x: 0, y: 180, z: 0}
  _victorySound: {fileID: 8300000, guid: 7d28cb1049313bf4bb228785c50283d9, type: 3}
  _gameOverSound: {fileID: 8300000, guid: b4f7a48df9419234aaa5904cf446483d, type: 3}
  _extraLifeInterval: 8000
  _enemyFreezeDelay: 5
  LivesChanged:
    m_PersistentCalls:
      m_Calls: []
  GameStateChanged:
    m_PersistentCalls:
      m_Calls: []
--- !u!114 &7049512386152729279
MonoBehaviour:
  m_ObjectHideFlags: 0
  m_CorrespondingSourceObject: {fileID: 0}
  m_PrefabInstance: {fileID: 0}
  m_PrefabAsset: {fileID: 0}
  m_GameObject: {fileID: 550335576654780135}
  m_Enabled: 1
  m_EditorHideFlags: 0
  m_Script: {fileID: 11500000, guid: a9ca2fc73f37424ebc7d2f1255faae43, type: 3}
  m_Name: 
  m_EditorClassIdentifier: 
  _squarePrefab: {fileID: 3706587317771504976, guid: ac176e85a39c78f43876adda595f99ba,
    type: 3}
  _transportDiscPrefab: {fileID: -1772803950549984739, guid: 89e2d68e32909054eb5ea9ceb3681a28,
    type: 3}
  _transportDiscPositions:
  - {x: -4, y: 6, z: 3}
  - {x: 15, y: 6, z: 22}
  _baseColors:
  - {r: 0.19607845, g: 0.34901962, b: 0.8862746, a: 0}
  - {r: 0.15686275, g: 0.13725491, b: 0.48235297, a: 0}
  - {r: 0.42352945, g: 0.20392159, b: 0.6156863, a: 0}
  - {r: 0.5882353, g: 0.64705884, b: 0.67058825, a: 0}
  - {r: 0.16470589, g: 0.21568629, b: 0.2784314, a: 0}
  - {r: 0.25490198, g: 0.18431373, b: 0.18431373, a: 0}
  - {r: 0.34117648, g: 0.078431375, b: 0.18039216, a: 0}
  - {r: 0.62352943, g: 0.11764707, b: 0.19215688, a: 0}
  _platformColors:
  - {r: 0.20000002, g: 0.64705884, b: 1, a: 0}
  - {r: 0.41176474, g: 0.8705883, b: 1, a: 0}
  - {r: 1, g: 0.7686275, b: 0.21960786, a: 0}
  - {r: 1, g: 0.3019608, b: 0.3019608, a: 0}
  - {r: 0.9450981, g: 0.7607844, b: 0.5176471, a: 0}
  - {r: 0.94117653, g: 0.42352945, b: 0, a: 0}
  - {r: 0.44705886, g: 0.7960785, b: 0.14509805, a: 0}
  - {r: 0.13725491, g: 0.52156866, b: 0.19215688, a: 0}
  - {r: 0.78823537, g: 0.36078432, b: 0.8196079, a: 0}
  - {r: 0.8980393, g: 0.3647059, b: 0.6745098, a: 0}
--- !u!114 &2127281615205094176
MonoBehaviour:
  m_ObjectHideFlags: 0
  m_CorrespondingSourceObject: {fileID: 0}
  m_PrefabInstance: {fileID: 0}
  m_PrefabAsset: {fileID: 0}
  m_GameObject: {fileID: 550335576654780135}
  m_Enabled: 1
  m_EditorHideFlags: 0
  m_Script: {fileID: 11500000, guid: 7df1f9b53d4d8bc4b8f3fe0eb2f681fe, type: 3}
  m_Name: 
  m_EditorClassIdentifier: 
  _coilyPrefab: {fileID: 5282460095391667243, guid: aa2e632b0c01e8746b83701529571c3d,
    type: 3}
  _enemyPrefabs:
  - {fileID: 5282460095391667243, guid: f2f87b8ca2a2e1b4cb838747002a84d9, type: 3}
  - {fileID: 2992692772146165275, guid: 491fb5d9aa4e0c2468279bfd54c7cee0, type: 3}
  - {fileID: 2992692772146165275, guid: 7963f2bf0d07b3846b6ead1b9716549d, type: 3}
  - {fileID: 3778876835073110038, guid: b598aec446a196a428a54e6de30eef6c, type: 3}
  - {fileID: 5282460095391667243, guid: 6cc064ef5b5d0e649bc925ce7e74515d, type: 3}
  _spawnDelay: 3
--- !u!1 &1950806030566117599
GameObject:
  m_ObjectHideFlags: 0
  m_CorrespondingSourceObject: {fileID: 0}
  m_PrefabInstance: {fileID: 0}
  m_PrefabAsset: {fileID: 0}
  serializedVersion: 6
  m_Component:
  - component: {fileID: 4625577788431665357}
  - component: {fileID: 8472685380615340005}
  - component: {fileID: 4981379599351355141}
  m_Layer: 0
  m_Name: ScoreManager
  m_TagString: Untagged
  m_Icon: {fileID: 0}
  m_NavMeshLayer: 0
  m_StaticEditorFlags: 0
  m_IsActive: 1
--- !u!4 &4625577788431665357
Transform:
  m_ObjectHideFlags: 0
  m_CorrespondingSourceObject: {fileID: 0}
  m_PrefabInstance: {fileID: 0}
  m_PrefabAsset: {fileID: 0}
  m_GameObject: {fileID: 1950806030566117599}
  m_LocalRotation: {x: 0, y: 0, z: 0, w: 1}
  m_LocalPosition: {x: 0, y: 0, z: 0}
  m_LocalScale: {x: 1, y: 1, z: 1}
  m_ConstrainProportionsScale: 0
  m_Children: []
  m_Father: {fileID: 6499346562034997035}
  m_RootOrder: 3
  m_LocalEulerAnglesHint: {x: 0, y: 0, z: 0}
--- !u!114 &8472685380615340005
MonoBehaviour:
  m_ObjectHideFlags: 0
  m_CorrespondingSourceObject: {fileID: 0}
  m_PrefabInstance: {fileID: 0}
  m_PrefabAsset: {fileID: 0}
  m_GameObject: {fileID: 1950806030566117599}
  m_Enabled: 1
  m_EditorHideFlags: 0
  m_Script: {fileID: 11500000, guid: a4e7f30ff81c50543b57a9aeea6f247e, type: 3}
  m_Name: 
  m_EditorClassIdentifier: 
  ScoreChanged:
    m_PersistentCalls:
      m_Calls: []
--- !u!114 &4981379599351355141
MonoBehaviour:
  m_ObjectHideFlags: 0
  m_CorrespondingSourceObject: {fileID: 0}
  m_PrefabInstance: {fileID: 0}
  m_PrefabAsset: {fileID: 0}
  m_GameObject: {fileID: 1950806030566117599}
  m_Enabled: 1
  m_EditorHideFlags: 0
  m_Script: {fileID: 11500000, guid: a4e7f30ff81c50543b57a9aeea6f247e, type: 3}
  m_Name: 
  m_EditorClassIdentifier: 
  ScoreChanged:
    m_PersistentCalls:
      m_Calls: []
--- !u!1 &3548630133268476910
GameObject:
  m_ObjectHideFlags: 0
  m_CorrespondingSourceObject: {fileID: 0}
  m_PrefabInstance: {fileID: 0}
  m_PrefabAsset: {fileID: 0}
  serializedVersion: 6
  m_Component:
  - component: {fileID: 5864012522797666499}
  - component: {fileID: 7634943965592361012}
  - component: {fileID: 2760373021376441855}
  m_Layer: 0
  m_Name: SoundManager
  m_TagString: Untagged
  m_Icon: {fileID: 0}
  m_NavMeshLayer: 0
  m_StaticEditorFlags: 0
  m_IsActive: 1
--- !u!4 &5864012522797666499
Transform:
  m_ObjectHideFlags: 0
  m_CorrespondingSourceObject: {fileID: 0}
  m_PrefabInstance: {fileID: 0}
  m_PrefabAsset: {fileID: 0}
  m_GameObject: {fileID: 3548630133268476910}
  m_LocalRotation: {x: 0, y: 0, z: 0, w: 1}
  m_LocalPosition: {x: 0, y: 0, z: 0}
  m_LocalScale: {x: 1, y: 1, z: 1}
  m_ConstrainProportionsScale: 0
  m_Children: []
  m_Father: {fileID: 6499346562034997035}
  m_RootOrder: 1
  m_LocalEulerAnglesHint: {x: 0, y: 0, z: 0}
--- !u!82 &7634943965592361012
AudioSource:
  m_ObjectHideFlags: 0
  m_CorrespondingSourceObject: {fileID: 0}
  m_PrefabInstance: {fileID: 0}
  m_PrefabAsset: {fileID: 0}
  m_GameObject: {fileID: 3548630133268476910}
  m_Enabled: 1
  serializedVersion: 4
  OutputAudioMixerGroup: {fileID: 0}
  m_audioClip: {fileID: 0}
  m_PlayOnAwake: 1
  m_Volume: 1
  m_Pitch: 1
  Loop: 0
  Mute: 0
  Spatialize: 0
  SpatializePostEffects: 0
  Priority: 128
  DopplerLevel: 1
  MinDistance: 1
  MaxDistance: 500
  Pan2D: 0
  rolloffMode: 0
  BypassEffects: 0
  BypassListenerEffects: 0
  BypassReverbZones: 0
  rolloffCustomCurve:
    serializedVersion: 2
    m_Curve:
    - serializedVersion: 3
      time: 0
      value: 1
      inSlope: 0
      outSlope: 0
      tangentMode: 0
      weightedMode: 0
      inWeight: 0.33333334
      outWeight: 0.33333334
    - serializedVersion: 3
      time: 1
      value: 0
      inSlope: 0
      outSlope: 0
      tangentMode: 0
      weightedMode: 0
      inWeight: 0.33333334
      outWeight: 0.33333334
    m_PreInfinity: 2
    m_PostInfinity: 2
    m_RotationOrder: 4
  panLevelCustomCurve:
    serializedVersion: 2
    m_Curve:
    - serializedVersion: 3
      time: 0
      value: 0
      inSlope: 0
      outSlope: 0
      tangentMode: 0
      weightedMode: 0
      inWeight: 0.33333334
      outWeight: 0.33333334
    m_PreInfinity: 2
    m_PostInfinity: 2
    m_RotationOrder: 4
  spreadCustomCurve:
    serializedVersion: 2
    m_Curve:
    - serializedVersion: 3
      time: 0
      value: 0
      inSlope: 0
      outSlope: 0
      tangentMode: 0
      weightedMode: 0
      inWeight: 0.33333334
      outWeight: 0.33333334
    m_PreInfinity: 2
    m_PostInfinity: 2
    m_RotationOrder: 4
  reverbZoneMixCustomCurve:
    serializedVersion: 2
    m_Curve:
    - serializedVersion: 3
      time: 0
      value: 1
      inSlope: 0
      outSlope: 0
      tangentMode: 0
      weightedMode: 0
      inWeight: 0.33333334
      outWeight: 0.33333334
    m_PreInfinity: 2
    m_PostInfinity: 2
    m_RotationOrder: 4
--- !u!114 &2760373021376441855
MonoBehaviour:
  m_ObjectHideFlags: 0
  m_CorrespondingSourceObject: {fileID: 0}
  m_PrefabInstance: {fileID: 0}
  m_PrefabAsset: {fileID: 0}
  m_GameObject: {fileID: 3548630133268476910}
  m_Enabled: 1
  m_EditorHideFlags: 0
  m_Script: {fileID: 11500000, guid: ad044c5cd0e08df4ab0d2bd4b18fcbe8, type: 3}
  m_Name: 
  m_EditorClassIdentifier: 
--- !u!1 &5740832178073816557
GameObject:
  m_ObjectHideFlags: 0
  m_CorrespondingSourceObject: {fileID: 0}
  m_PrefabInstance: {fileID: 0}
  m_PrefabAsset: {fileID: 0}
  serializedVersion: 6
  m_Component:
  - component: {fileID: 463560236720136764}
  - component: {fileID: 5290628614088716922}
  - component: {fileID: 8164021667958185526}
  m_Layer: 0
  m_Name: MusicManager
  m_TagString: Untagged
  m_Icon: {fileID: 0}
  m_NavMeshLayer: 0
  m_StaticEditorFlags: 0
  m_IsActive: 1
--- !u!4 &463560236720136764
Transform:
  m_ObjectHideFlags: 0
  m_CorrespondingSourceObject: {fileID: 0}
  m_PrefabInstance: {fileID: 0}
  m_PrefabAsset: {fileID: 0}
  m_GameObject: {fileID: 5740832178073816557}
  m_LocalRotation: {x: 0, y: 0, z: 0, w: 1}
  m_LocalPosition: {x: 0, y: 0, z: 0}
  m_LocalScale: {x: 1, y: 1, z: 1}
  m_ConstrainProportionsScale: 0
  m_Children: []
  m_Father: {fileID: 6499346562034997035}
  m_RootOrder: 2
  m_LocalEulerAnglesHint: {x: 0, y: 0, z: 0}
--- !u!82 &5290628614088716922
AudioSource:
  m_ObjectHideFlags: 0
  m_CorrespondingSourceObject: {fileID: 0}
  m_PrefabInstance: {fileID: 0}
  m_PrefabAsset: {fileID: 0}
  m_GameObject: {fileID: 5740832178073816557}
  m_Enabled: 1
  serializedVersion: 4
  OutputAudioMixerGroup: {fileID: 0}
  m_audioClip: {fileID: 0}
  m_PlayOnAwake: 1
  m_Volume: 1
  m_Pitch: 1
  Loop: 0
  Mute: 0
  Spatialize: 0
  SpatializePostEffects: 0
  Priority: 128
  DopplerLevel: 1
  MinDistance: 1
  MaxDistance: 500
  Pan2D: 0
  rolloffMode: 0
  BypassEffects: 0
  BypassListenerEffects: 0
  BypassReverbZones: 0
  rolloffCustomCurve:
    serializedVersion: 2
    m_Curve:
    - serializedVersion: 3
      time: 0
      value: 1
      inSlope: 0
      outSlope: 0
      tangentMode: 0
      weightedMode: 0
      inWeight: 0.33333334
      outWeight: 0.33333334
    - serializedVersion: 3
      time: 1
      value: 0
      inSlope: 0
      outSlope: 0
      tangentMode: 0
      weightedMode: 0
      inWeight: 0.33333334
      outWeight: 0.33333334
    m_PreInfinity: 2
    m_PostInfinity: 2
    m_RotationOrder: 4
  panLevelCustomCurve:
    serializedVersion: 2
    m_Curve:
    - serializedVersion: 3
      time: 0
      value: 0
      inSlope: 0
      outSlope: 0
      tangentMode: 0
      weightedMode: 0
      inWeight: 0.33333334
      outWeight: 0.33333334
    m_PreInfinity: 2
    m_PostInfinity: 2
    m_RotationOrder: 4
  spreadCustomCurve:
    serializedVersion: 2
    m_Curve:
    - serializedVersion: 3
      time: 0
      value: 0
      inSlope: 0
      outSlope: 0
      tangentMode: 0
      weightedMode: 0
      inWeight: 0.33333334
      outWeight: 0.33333334
    m_PreInfinity: 2
    m_PostInfinity: 2
    m_RotationOrder: 4
  reverbZoneMixCustomCurve:
    serializedVersion: 2
    m_Curve:
    - serializedVersion: 3
      time: 0
      value: 1
      inSlope: 0
      outSlope: 0
      tangentMode: 0
      weightedMode: 0
      inWeight: 0.33333334
      outWeight: 0.33333334
    m_PreInfinity: 2
    m_PostInfinity: 2
    m_RotationOrder: 4
--- !u!114 &8164021667958185526
MonoBehaviour:
  m_ObjectHideFlags: 0
  m_CorrespondingSourceObject: {fileID: 0}
  m_PrefabInstance: {fileID: 0}
  m_PrefabAsset: {fileID: 0}
  m_GameObject: {fileID: 5740832178073816557}
  m_Enabled: 1
  m_EditorHideFlags: 0
  m_Script: {fileID: 11500000, guid: 51715566d148df143926112fda477665, type: 3}
  m_Name: 
  m_EditorClassIdentifier: 
  _introMusic: {fileID: 8300000, guid: 16797b2a64aa3a44b9786b3fdefe6ac1, type: 3}
  _gameMusic: {fileID: 8300000, guid: ee7056de752f24c4987cbb344146404c, type: 3}
--- !u!1 &6560440551920848502
GameObject:
  m_ObjectHideFlags: 0
  m_CorrespondingSourceObject: {fileID: 0}
  m_PrefabInstance: {fileID: 0}
  m_PrefabAsset: {fileID: 0}
  serializedVersion: 6
  m_Component:
  - component: {fileID: 6499346562034997035}
  m_Layer: 0
  m_Name: --- Managers ---
  m_TagString: Untagged
  m_Icon: {fileID: 0}
  m_NavMeshLayer: 0
  m_StaticEditorFlags: 0
  m_IsActive: 1
--- !u!4 &6499346562034997035
Transform:
  m_ObjectHideFlags: 0
  m_CorrespondingSourceObject: {fileID: 0}
  m_PrefabInstance: {fileID: 0}
  m_PrefabAsset: {fileID: 0}
  m_GameObject: {fileID: 6560440551920848502}
  m_LocalRotation: {x: 0, y: 0, z: 0, w: 1}
  m_LocalPosition: {x: 0, y: 0, z: 0}
  m_LocalScale: {x: 1, y: 1, z: 1}
  m_ConstrainProportionsScale: 0
  m_Children:
  - {fileID: 5924649360576779888}
  - {fileID: 5864012522797666499}
  - {fileID: 463560236720136764}
  - {fileID: 4625577788431665357}
  m_Father: {fileID: 0}
  m_RootOrder: 0
  m_LocalEulerAnglesHint: {x: 0, y: 0, z: 0}
